%%%%%%%%%%%%%%%%%%%
%%%  LDOW'2011  %%%
%%%%%%%%%%%%%%%%%%%

@inproceedings{Steiner:SemWebVid,
  author =      {Thomas Steiner},
  title =       {{SemWebVid - Making Video a First Class Semantic Web Citizen and a First Class Web Bourgeois}},
  booktitle =   {9$^{th}$ International Semantic Web Conference (ISWC'10)},
  year =        {2010},
  address =     {Shanghai, China}
}

@Misc{Raimond:Event,
  author =      {Yves Raimond and Samer Abdallah},
  title =       {{The Event Ontology}},
  year =        {October 25, 2007},
  note =        {\url{http://motools.sourceforge.net/event/event.html}}
}


@Misc{CommonTag:Spec,
  author =      {{Common Tag}},
  title =       {{Common Tag Specification}},
  year =        {January 11, 2009},
  note =        {\url{http://commontag.org/Specification}}
}

@Misc{Hartig:Provenance,
  author =       {Olaf Hartig and Jun Zhao},
  title =        {{Provenance Vocabulary Core Ontology Specification}},
  year =         {January 25, 2011},
  note =         {\url{http://purl.org/net/provenance/ns}}
}

@InProceedings{Halpin:SameAs,
  author =      {Harry Halpin and Patrick Hayes},
  title =       {{When owl:sameas isn't the same: An analysis of identity links on the semantic web}},
  booktitle =   {3$^{rd}$ Workshop on Linked Data on the Web (LDOW'10)},
  year =        2010,
  address =     {Raleih, NC, USA}
}

@inproceedings{ipaw10:olaf,
  author =      {Olaf Hartig and Jun Zhao},
  title =       {{Publishing and Consuming Provenance Metadata on the Web of Linked Data}},
  booktitle =   {3$^{rd}$ International Provenance and Annotation Workshop (IPAW'10)},
  year =        {2010},
  address =     {Troy, NY, USA}
}

@inproceedings{Sack:Use,
  author =    {J\"{o}rg Waitelonis and Nadine Ludwig and Harald Sack},
  title =     {{Use What You Have: Yovisto Video Search Engine Takes a Semantic Turn}},
  booktitle = {5$^{th}$ International Conference on Semantic and Digital Media Technologies (SAMT'10},
  year =      {2010},
  address =   {Saarbr\"{u}cken, Germany}
}

@Misc{Princeton:WordNet,
  author =       {Princeton},
  title =        {{WordNet}},
  note =         {\url{http://wordnet.princeton.edu/}}
}

@inproceedings{Choudhury:YouTube,
  author =      {Smitashree Choudhury and John Breslin and Alexandre Passant},
  title =       {{Enrichment and Ranking of the YouTube Tag Space and Integration with the Linked Data Cloud}},
  booktitle =   {8$^{th}$ International Semantic Web Conference (ISWC'09)},
  year =        {2009},
  pages =       {747--762},
  address =     {Chantilly, VA, USA}
}

@Misc{Bizer:TriG,
  author =       {Chris Bizer and Richard Cyganiak},
  title =        {{The TriG Syntax}},
  year =         {July 30, 2007},
  note =         {\url{http://www4.wiwiss.fu-berlin.de/bizer/TriG/}}
}

@Misc{Drumbeat:Popcorn,
  author =       {Brett Gaylor},
  title =        {{Popcorn.js Semantic Video demo}},
  howpublished = {Mozilla Drumbeat Project},
  year =         {August 16, 2010},
  note =         {\url{http://www.drumbeat.org/content/popcorn-js-semantic-video-demo}}
}

@Misc{Kobilarov:Uberblic,
  author =       {Georgi Kobilarov},
  title =        {{ANN: Uberblic.org - Integrating the Web of Data}},
  year =         {January 29, 2010},
  note =         {\url{http://lists.w3.org/Archives/Public/public-lod/2010Jan/0139.html}}
}

@Misc{W3C:MediaFrags,
  author =       {W3C},
  title =        {{Media Fragments URI}},
  howpublished = {W3C Working Draft},
  year =         {December 8, 2010},
  note =         {\url{http://www.w3.org/2008/WebVideo/Fragments/WD-media-fragments-spec/}}
}

@Misc{W3C:MediaOntology,
  author =       {W3C},
  title =        {{Ontology for Media Resource}},
  howpublished = {W3C Working Draft},
  year =         {June 8, 2010},
  note =         {\url{http://www.w3.org/TR/2010/WD-mediaont-10-20100608/}}
}

@InProceedings {Bizer:DBpedia,
  author =      {S\"{o}ren Auer and Christian Bizer and Georgi Kobilarov and Jens Lehmann and Richard Cyganiak and Zachary G. Ives},
  title =       {{DBpedia: A Nucleus for a Web of Open Data}},
  booktitle =   {6$^{th}$ International Semantic Web Conference (ISWC'07)},
  year =        {2007},
  pages =       {722--735},
  address =     {Busan, Korea}
}

@inproceedings{Sack:VideoSearch,
 author =     {J\"{o}rg Waitelonis and Harald Sack and Johannes Hercher and Zalan Kramer},
 title =      {{Semantically enabled exploratory video search}},
 booktitle =  {3$^{rd}$ International Semantic Search Workshop (SemSearch'10)},
 year =       {2010},
 pages =      {81--88},
 location =   {Raleigh, NC, USA}
}

@InProceedings{Tummarello:Sindice,
 author =     {Giovanni Tummarello and Renaud Delbru and Eyal Oren},
 title =      {{Sindice.com: weaving the open linked data}},
 booktitle =  {6$^{th}$ International Semantic Web Conference (ISWC'07)},
 year =       {2007},
 pages =      {552--565},
 address =    {Busan, Korea}
}

@Misc{NYTimes:Freebase,
  author =       {John Markoff},
  title =        {{Start-Up Aims for Database to Automate Web Searching}},
  howpublished = {The New York Times},
  year =         {March 9, 2007},
}
